<?xml version="1.0" encoding="UTF-8"?><record xmlns="http://www.loc.gov/MARC21/slim" xmlns:cinclude="http://apache.org/cocoon/include/1.0" xmlns:zs="http://www.loc.gov/zing/srw/">
  <leader>00388nz  a2200133n  4500</leader>
  <controlfield tag="001">n 2015017397</controlfield>
  <controlfield tag="003">DLC</controlfield>
  <controlfield tag="005">20150319122558.0</controlfield>
  <controlfield tag="008">150319n| azannaabn          |a aaa      </controlfield>
  <datafield tag="010" ind1=" " ind2=" ">
    <subfield code="a">n 2015017397</subfield>
  </datafield>
  <datafield tag="040" ind1=" " ind2=" ">
    <subfield code="a">DLC</subfield>
    <subfield code="b">eng</subfield>
    <subfield code="c">DLC</subfield>
    <subfield code="e">rda</subfield>
  </datafield>
  <datafield tag="100" ind1="1" ind2=" ">
    <subfield code="a">Duey, Kathleen.</subfield>
    <subfield code="t">Blizzard, Estes Park, Colorado, 1886</subfield>
  </datafield>
  <datafield tag="400" ind1="1" ind2=" ">
    <subfield code="a">Duey, Kathleen.</subfield>
    <subfield code="t">Blizzard, Colorado, 1886</subfield>
  </datafield>
  <datafield tag="670" ind1=" " ind2=" ">
    <subfield code="a">Blizzard, Colorado, 1886, 2014</subfield>
  </datafield>
</record>